<record><leader>00000cas a2200000 a 4500</leader><controlfield tag="001">49686439</controlfield><controlfield tag="008">020429c19719999oru x ne      0    0eng c</controlfield><datafield ind1=" " ind2=" " tag="010"><subfield code="a">  2002260227</subfield></datafield><datafield ind1=" " ind2=" " tag="040"><subfield code="a">ORU</subfield><subfield code="b">eng</subfield><subfield code="c">ORU</subfield><subfield code="d">ORU</subfield><subfield code="d">OCLCQ</subfield><subfield code="d">OCLCF</subfield><subfield code="d">OCLCO</subfield></datafield><datafield ind1="1" ind2=" " tag="029"><subfield code="a">AU@</subfield><subfield code="b">000023522279</subfield></datafield><datafield ind1=" " ind2=" " tag="042"><subfield code="a">pcc</subfield></datafield><datafield ind1=" " ind2=" " tag="043"><subfield code="a">n-us-or</subfield></datafield><datafield ind1="0" ind2="4" tag="245"><subfield code="a">The North Coast times-eagle.</subfield></datafield><datafield ind1="3" ind2="0" tag="246"><subfield code="a">Times-eagle</subfield></datafield><datafield ind1="1" ind2=" " tag="246"><subfield code="i">Issues for Mar. 28, 1974-Apr. 11, 1974 have title:</subfield><subfield code="a">Northwest times-tribune</subfield></datafield><datafield ind1="3" ind2="0" tag="246"><subfield code="a">Times-tribune</subfield></datafield><datafield ind1=" " ind2=" " tag="260"><subfield code="a">Wheeler, Or. :</subfield><subfield code="b">R.S. Need and D.H. Lardy,</subfield><subfield code="c">1971-</subfield></datafield><datafield ind1=" " ind2=" " tag="300"><subfield code="a">v. :</subfield><subfield code="b">ill. ;</subfield><subfield code="c">41-58 cm.</subfield></datafield><datafield ind1=" " ind2=" " tag="310"><subfield code="a">Irregular,</subfield><subfield code="b">&lt;Mar. 15, 1985-&gt;</subfield></datafield><datafield ind1=" " ind2=" " tag="321"><subfield code="a">Weekly,</subfield><subfield code="b">May 13, 1971-Mar. 12, 1976</subfield></datafield><datafield ind1=" " ind2=" " tag="321"><subfield code="a">Biweekly,</subfield><subfield code="b">&lt;Aug. 3, 1979-June 29, 1984&gt;</subfield></datafield><datafield ind1="0" ind2=" " tag="362"><subfield code="a">Vol. 1, no. 1 (May 13, 1971)-</subfield></datafield><datafield ind1=" " ind2=" " tag="500"><subfield code="a">Published: Cannon Beach, &lt;Aug. 3, 1979-June 29, 1984&gt;; Astoria, &lt;Mar. 15, 1985-&gt;</subfield></datafield><datafield ind1=" " ind2=" " tag="515"><subfield code="a">Suspended after v. 5, no. 45 (Mar. 12, 1976). Resumed mid-1979, and numbering restarted with v. 1.</subfield></datafield><datafield ind1=" " ind2=" " tag="515"><subfield code="a">Frequent irregularities in publication: some months combined, some months skipped.</subfield></datafield><datafield ind1=" " ind2=" " tag="515"><subfield code="a">Issues for Mar. 28, 1974-Apr. 11, 1974 are numbered v. 1, no. 1-3, and called: The northwest times-tribune. These three issues were published jointly with Willamina times (Willamina, Or.), before that publication ceased. Beginning with Apr. 18, 1974, vol. numbering resumes with v. 3, no. 50.</subfield></datafield><datafield ind1=" " ind2=" " tag="530"><subfield code="a">Also issued on microfilm from University of Oregon.</subfield></datafield><datafield ind1=" " ind2=" " tag="588"><subfield code="a">Latest issue consulted: Vol. 28, no. 6 (May/June 2007).</subfield></datafield><datafield ind1=" " ind2="0" tag="651"><subfield code="a">Pacific Coast (Or.)</subfield><subfield code="v">Newspapers.</subfield></datafield><datafield ind1=" " ind2="0" tag="651"><subfield code="a">Tillamook County (Or.)</subfield><subfield code="v">Newspapers.</subfield></datafield><datafield ind1=" " ind2="0" tag="651"><subfield code="a">Clatsop County (Or.)</subfield><subfield code="v">Newspapers.</subfield></datafield><datafield ind1=" " ind2="0" tag="651"><subfield code="a">Wheeler (Or.)</subfield><subfield code="v">Newspapers.</subfield></datafield><datafield ind1=" " ind2="0" tag="651"><subfield code="a">Cannon Beach (Or.)</subfield><subfield code="v">Newspapers.</subfield></datafield><datafield ind1=" " ind2="0" tag="651"><subfield code="a">Astoria (Or.)</subfield><subfield code="v">Newspapers.</subfield></datafield><datafield ind1=" " ind2="7" tag="655"><subfield code="a">Newspapers.</subfield><subfield code="2">fast</subfield><subfield code="0">(OCoLC)fst01423814</subfield></datafield><datafield ind1=" " ind2="7" tag="651"><subfield code="a">Oregon</subfield><subfield code="z">Astoria.</subfield><subfield code="2">fast</subfield><subfield code="0">(OCoLC)fst01217113</subfield></datafield><datafield ind1=" " ind2="7" tag="651"><subfield code="a">Oregon</subfield><subfield code="z">Cannon Beach.</subfield><subfield code="2">fast</subfield><subfield code="0">(OCoLC)fst01221455</subfield></datafield><datafield ind1=" " ind2="7" tag="651"><subfield code="a">Oregon</subfield><subfield code="z">Clatsop County.</subfield><subfield code="2">fast</subfield><subfield code="0">(OCoLC)fst01212951</subfield></datafield><datafield ind1=" " ind2="7" tag="651"><subfield code="a">Oregon</subfield><subfield code="z">Pacific Coast.</subfield><subfield code="2">fast</subfield><subfield code="0">(OCoLC)fst01241657</subfield></datafield><datafield ind1=" " ind2="7" tag="651"><subfield code="a">Oregon</subfield><subfield code="z">Tillamook County.</subfield><subfield code="2">fast</subfield><subfield code="0">(OCoLC)fst01205853</subfield></datafield><datafield ind1=" " ind2="7" tag="651"><subfield code="a">Oregon</subfield><subfield code="z">Wheeler.</subfield><subfield code="2">fast</subfield><subfield code="0">(OCoLC)fst01223381</subfield></datafield><datafield ind1=" " ind2=" " tag="752"><subfield code="a">United States</subfield><subfield code="b">Oregon</subfield><subfield code="c">Tillamook</subfield><subfield code="d">Wheeler.</subfield></datafield><datafield ind1=" " ind2=" " tag="752"><subfield code="a">United States</subfield><subfield code="b">Oregon</subfield><subfield code="c">Clatsop</subfield><subfield code="d">Cannon Beach.</subfield></datafield><datafield ind1=" " ind2=" " tag="752"><subfield code="a">United States</subfield><subfield code="b">Oregon</subfield><subfield code="c">Clatsop</subfield><subfield code="d">Astoria.</subfield></datafield><datafield ind1="1" ind2="5" tag="780"><subfield code="t">Willamina times (Willamina, Or.)</subfield><subfield code="g">Mar. 28, 1974</subfield><subfield code="w">(DLC)sn 99063883</subfield><subfield code="w">(OCoLC)42914346</subfield></datafield></record>